<?xml version="1.0" encoding="UTF-8"?>
<OAI-PMH xmlns="http://www.openarchives.org/OAI/2.0/" xmlns:xsi="http://www.w3.org/2001/XMLSchema-instance" xsi:schemaLocation="http://www.openarchives.org/OAI/2.0/ http://www.openarchives.org/OAI/2.0/OAI-PMH.xsd">
<ListRecords>
<record>
<header status="updated">
<identifier>urm_publish:71292835040002121</identifier>
</header>
<metadata>
<record xmlns="http://www.loc.gov/MARC21/slim" xmlns:xsi="http://www.w3.org/2001/XMLSchema-instance" xsi:schemaLocation="http://www.loc.gov/MARC21/slim http://www.loc.gov/standards/marcxml/schema/MARC21slim.xsd" ><leader>00849mam a2200289   4500</leader><controlfield tag="005">19990604113142.0</controlfield><controlfield tag="008">730927s1937    nyu           000 0 eng u</controlfield><controlfield tag="001">999630165502121</controlfield><datafield tag="010" ind1=" " ind2=" "><subfield code="a">   37002875 </subfield></datafield><datafield tag="035" ind1=" " ind2=" "><subfield code="a">(OCoLC)00702531</subfield></datafield><datafield tag="035" ind1=" " ind2=" "><subfield code="9">AMJ4713UW</subfield></datafield><datafield tag="035" ind1=" " ind2=" "><subfield code="a">(WU)1807621-uwmadisondb</subfield></datafield><datafield tag="040" ind1=" " ind2=" "><subfield code="a">WU</subfield><subfield code="b">eng</subfield><subfield code="c">MDY</subfield><subfield code="d">GZM</subfield></datafield><datafield tag="049" ind1=" " ind2=" "><subfield code="a">GZMA</subfield></datafield><datafield tag="050" ind1=" " ind2=" "><subfield code="a">JC423</subfield><subfield code="b">.B6</subfield></datafield><datafield tag="100" ind1="1" ind2=" "><subfield code="a">Bode, Boyd Henry,</subfield><subfield code="d">1873-1953.</subfield><subfield code="2">LCNAMES</subfield><subfield code="0">41-LIBRARY_OF_CONGRESS-n  50010048</subfield><subfield code="9">Y</subfield></datafield><datafield tag="245" ind1="1" ind2="0"><subfield code="a">Democracy as a way of life /</subfield><subfield code="c">by Boyd H. Bode.</subfield></datafield><datafield tag="264" ind1=" " ind2="1"><subfield code="a">New York :</subfield><subfield code="b">Macmillan,</subfield><subfield code="c">1937.</subfield></datafield><datafield tag="300" ind1=" " ind2=" "><subfield code="a">xiv, 114 pages ;</subfield><subfield code="c">19 cm.</subfield></datafield><datafield tag="336" ind1=" " ind2=" "><subfield code="a">text</subfield><subfield code="b">txt</subfield><subfield code="2">rdacontent</subfield></datafield><datafield tag="337" ind1=" " ind2=" "><subfield code="a">unmediated</subfield><subfield code="b">n</subfield><subfield code="2">rdamedia</subfield></datafield><datafield tag="338" ind1=" " ind2=" "><subfield code="a">volume</subfield><subfield code="b">nc</subfield><subfield code="2">rdacarrier</subfield></datafield><datafield tag="490" ind1="1" ind2=" "><subfield code="a">Kappa Delta Pi lecture series ;</subfield><subfield code="v">[no. 9]</subfield></datafield><datafield tag="650" ind1=" " ind2="0"><subfield code="a">Democracy.</subfield><subfield code="2">LCSH</subfield><subfield code="0">41-LIBRARY_OF_CONGRESS-sh 85036647</subfield><subfield code="9">Y</subfield></datafield><datafield tag="650" ind1=" " ind2="0"><subfield code="a">Education.</subfield><subfield code="2">LCSH</subfield><subfield code="0">41-LIBRARY_OF_CONGRESS-sh 85040989</subfield><subfield code="9">Y</subfield></datafield><datafield tag="830" ind1=" " ind2="0"><subfield code="a">Kappa Delta Pi lecture series ;</subfield><subfield code="v">no. 9.</subfield></datafield><datafield tag="997" ind1=" " ind2=" "><subfield code="a">MARCIVE</subfield></datafield><datafield tag="650" ind1=" " ind2="0"><subfield code="a">Children</subfield><subfield code="x">Education</subfield><subfield code="2">LCSH</subfield><subfield code="0">41-LIBRARY_OF_CONGRESS-sh 85040989</subfield><subfield code="9">N</subfield></datafield><datafield tag="650" ind1=" " ind2="0"><subfield code="w">nne</subfield><subfield code="a">Education, Primitive</subfield><subfield code="2">LCSH</subfield><subfield code="0">41-LIBRARY_OF_CONGRESS-sh 85040989</subfield><subfield code="9">N</subfield></datafield><datafield tag="650" ind1=" " ind2="0"><subfield code="w">nne</subfield><subfield code="a">Education of children</subfield><subfield code="2">LCSH</subfield><subfield code="0">41-LIBRARY_OF_CONGRESS-sh 85040989</subfield><subfield code="9">N</subfield></datafield><datafield tag="650" ind1=" " ind2="0"><subfield code="a">Human resource development</subfield><subfield code="2">LCSH</subfield><subfield code="0">41-LIBRARY_OF_CONGRESS-sh 85040989</subfield><subfield code="9">N</subfield></datafield><datafield tag="650" ind1=" " ind2="0"><subfield code="a">Instruction</subfield><subfield code="2">LCSH</subfield><subfield code="0">41-LIBRARY_OF_CONGRESS-sh 85040989</subfield><subfield code="9">N</subfield></datafield><datafield tag="650" ind1=" " ind2="0"><subfield code="a">Pedagogy</subfield><subfield code="2">LCSH</subfield><subfield code="0">41-LIBRARY_OF_CONGRESS-sh 85040989</subfield><subfield code="9">N</subfield></datafield><datafield tag="650" ind1=" " ind2="0"><subfield code="a">Schooling</subfield><subfield code="2">LCSH</subfield><subfield code="0">41-LIBRARY_OF_CONGRESS-sh 85040989</subfield><subfield code="9">N</subfield></datafield><datafield tag="650" ind1=" " ind2="0"><subfield code="a">Students</subfield><subfield code="x">Education</subfield><subfield code="2">LCSH</subfield><subfield code="0">41-LIBRARY_OF_CONGRESS-sh 85040989</subfield><subfield code="9">N</subfield></datafield><datafield tag="650" ind1=" " ind2="0"><subfield code="a">Youth</subfield><subfield code="x">Education</subfield><subfield code="2">LCSH</subfield><subfield code="0">41-LIBRARY_OF_CONGRESS-sh 85040989</subfield><subfield code="9">N</subfield></datafield><datafield tag="650" ind1=" " ind2="0"><subfield code="w">g</subfield><subfield code="a">Civilization</subfield><subfield code="2">LCSH</subfield><subfield code="0">41-LIBRARY_OF_CONGRESS-sh 85040989</subfield><subfield code="9">R</subfield></datafield><datafield tag="650" ind1=" " ind2="0"><subfield code="a">Learning and scholarship</subfield><subfield code="2">LCSH</subfield><subfield code="0">41-LIBRARY_OF_CONGRESS-sh 85040989</subfield><subfield code="9">R</subfield></datafield><datafield tag="650" ind1=" " ind2="0"><subfield code="a">Mental discipline</subfield><subfield code="2">LCSH</subfield><subfield code="0">41-LIBRARY_OF_CONGRESS-sh 85040989</subfield><subfield code="9">R</subfield></datafield><datafield tag="650" ind1=" " ind2="0"><subfield code="a">Schools</subfield><subfield code="2">LCSH</subfield><subfield code="0">41-LIBRARY_OF_CONGRESS-sh 85040989</subfield><subfield code="9">R</subfield></datafield><datafield tag="650" ind1=" " ind2="0"><subfield code="a">Students</subfield><subfield code="2">LCSH</subfield><subfield code="0">41-LIBRARY_OF_CONGRESS-sh 85040989</subfield><subfield code="9">R</subfield></datafield><datafield tag="650" ind1=" " ind2="0"><subfield code="a">Teaching</subfield><subfield code="2">LCSH</subfield><subfield code="0">41-LIBRARY_OF_CONGRESS-sh 85040989</subfield><subfield code="9">R</subfield></datafield><datafield tag="650" ind1=" " ind2="0"><subfield code="a">Training</subfield><subfield code="2">LCSH</subfield><subfield code="0">41-LIBRARY_OF_CONGRESS-sh 85040989</subfield><subfield code="9">R</subfield></datafield><datafield tag="650" ind1=" " ind2="0"><subfield code="a">Self-government</subfield><subfield code="2">LCSH</subfield><subfield code="0">41-LIBRARY_OF_CONGRESS-sh 85036647</subfield><subfield code="9">N</subfield></datafield><datafield tag="650" ind1=" " ind2="0"><subfield code="w">g</subfield><subfield code="a">Political science</subfield><subfield code="2">LCSH</subfield><subfield code="0">41-LIBRARY_OF_CONGRESS-sh 85036647</subfield><subfield code="9">R</subfield></datafield><datafield tag="650" ind1=" " ind2="0"><subfield code="a">Equality</subfield><subfield code="2">LCSH</subfield><subfield code="0">41-LIBRARY_OF_CONGRESS-sh 85036647</subfield><subfield code="9">R</subfield></datafield><datafield tag="650" ind1=" " ind2="0"><subfield code="a">Representative government and representation</subfield><subfield code="2">LCSH</subfield><subfield code="0">41-LIBRARY_OF_CONGRESS-sh 85036647</subfield><subfield code="9">R</subfield></datafield><datafield tag="650" ind1=" " ind2="0"><subfield code="a">Republics</subfield><subfield code="2">LCSH</subfield><subfield code="0">41-LIBRARY_OF_CONGRESS-sh 85036647</subfield><subfield code="9">R</subfield></datafield><datafield tag="100" ind1="1" ind2=" "><subfield code="a">Bode, Boyd H.</subfield><subfield code="q">(Boyd Henry),</subfield><subfield code="d">1873-1953</subfield><subfield code="2">LCNAMES</subfield><subfield code="0">41-LIBRARY_OF_CONGRESS-n  50010048</subfield><subfield code="9">N</subfield></datafield><datafield tag="INST" ind1=" " ind2=" "><subfield code="a">01UWI_NETWORK</subfield><subfield code="b">P</subfield><subfield code="c">71292835040002121</subfield></datafield><datafield tag="INST" ind1=" " ind2=" "><subfield code="a">01UWI_MAD</subfield><subfield code="b">P</subfield><subfield code="c">21544511100002122</subfield></datafield><datafield tag="INST" ind1=" " ind2=" "><subfield code="a">01UWI_ML</subfield><subfield code="b">P</subfield><subfield code="c">21198214580002124</subfield></datafield><datafield tag="INST" ind1=" " ind2=" "><subfield code="a">01UWI_OSH</subfield><subfield code="b">P</subfield><subfield code="c">2177028370002126</subfield></datafield><datafield tag="AVA" ind1=" " ind2=" "><subfield code="0">9918076213602122</subfield><subfield code="8">22544511050002122</subfield><subfield code="a">01UWI_MAD</subfield><subfield code="b">MEMORIAL</subfield><subfield code="c">Stacks Regular Size Shelving</subfield><subfield code="d">JC423 B59</subfield><subfield code="e">available</subfield><subfield code="f">1</subfield><subfield code="g">0</subfield><subfield code="j">stk</subfield><subfield code="k">0</subfield><subfield code="p">1</subfield><subfield code="q">Memorial Library</subfield></datafield><datafield tag="AVA" ind1=" " ind2=" "><subfield code="0">9918076213602122</subfield><subfield code="8">22544511070002122</subfield><subfield code="a">01UWI_MAD</subfield><subfield code="b">MEMORIAL</subfield><subfield code="c">Stacks Regular Size Shelving</subfield><subfield code="d">JC423 B59</subfield><subfield code="e">unavailable</subfield><subfield code="f">1</subfield><subfield code="g">1</subfield><subfield code="j">stk</subfield><subfield code="k">0</subfield><subfield code="p">2</subfield><subfield code="q">Memorial Library</subfield></datafield><datafield tag="AVA" ind1=" " ind2=" "><subfield code="0">996235803402124</subfield><subfield code="8">22198214540002124</subfield><subfield code="a">01UWI_ML</subfield><subfield code="b">MIL</subfield><subfield code="c">Stacks</subfield><subfield code="d">JC423 B6</subfield><subfield code="e">available</subfield><subfield code="f">1</subfield><subfield code="g">0</subfield><subfield code="j">stk</subfield><subfield code="k">0</subfield><subfield code="p">1</subfield><subfield code="q">UW Milwaukee</subfield></datafield><datafield tag="AVA" ind1=" " ind2=" "><subfield code="0">991326723502126</subfield><subfield code="8">2277028360002126</subfield><subfield code="a">01UWI_OSH</subfield><subfield code="b">OSH</subfield><subfield code="c">Books (A-E 2nd South, F-PN 2nd North, PQ-Z 3rd North)</subfield><subfield code="d">JC423 .B6</subfield><subfield code="e">available</subfield><subfield code="f">1</subfield><subfield code="g">0</subfield><subfield code="j">main</subfield><subfield code="k">0</subfield><subfield code="p">1</subfield><subfield code="q">Polk Library</subfield></datafield><datafield tag="MMS" ind1=" " ind2=" "><subfield code="b">999630165502121</subfield><subfield code="a">01UWI_NETWORK</subfield></datafield><datafield tag="MMS" ind1=" " ind2=" "><subfield code="b">9918076213602122</subfield><subfield code="a">01UWI_MAD</subfield></datafield><datafield tag="MMS" ind1=" " ind2=" "><subfield code="b">996235803402124</subfield><subfield code="a">01UWI_ML</subfield></datafield><datafield tag="MMS" ind1=" " ind2=" "><subfield code="b">991326723502126</subfield><subfield code="a">01UWI_OSH</subfield></datafield></record>
</metadata>
</record>
</ListRecords>
</OAI-PMH>